% Then when you want to cite in the main thing do \parencite{Uzzel} to cite in parenthesis or \textcite{Uzzel} for something slightly different
@article{Uzzell,
% Author should be LastName, FirstName and SecondAuthorLastName, SecondAuthorFirstName
    author = {Uzzell, Janeen},
    title = {{Who tells your story on Wikipedia}},
    year = {2021},
    month = {02},
    day = {22},
    journal = {Medium},
    url = {https://medium.com/freely-sharing-the-sum-of-all-knowledge/who-tells-your-story-on-wikipedia-6d6c29f45028}
}

@article{Erhart,
    author = {Erhart, Ed},
    title = {{Why didnâ€™t Wikipedia have an article on Donna Strickland, winner of a Nobel Prize?}},
    year = {2018},
    month = {10},
    day = {10},
    journal = {Medium},
    url = {https://medium.com/freely-sharing-the-sum-of-all-knowledge/why-didnt-wikipedia-have-an-article-on-donna-strickland-winner-of-a-nobel-prize-dff8e518daaa}
}

@article{DataDumpTorrents,
    author = {Wikimedia},
    title = {{Data dump torrents}},
    year = {2021},
    journal = {Wikimedia Meta-Wiki},
    note = {Data set},
    url = {https://meta.wikimedia.org/wiki/Data_dump_torrents#English_Wikipedia}
}

@article{WikimediaDownloads,
    author = {Wikimedia},
    title = {{Wikimedia Downloads}},
    year = {2021},
    journal = {Wikimedia},
    note = {Data set},
    url = {https://dumps.wikimedia.org/}
}
